<record><leader>00000cas a22000007a 4500</leader><controlfield tag="001">14990079</controlfield><controlfield tag="008">861218d19341944iauwr ne      0    0eng d</controlfield><datafield ind1=" " ind2=" " tag="010"><subfield code="a">sn 86060329 </subfield></datafield><datafield ind1=" " ind2=" " tag="040"><subfield code="a">INP</subfield><subfield code="b">eng</subfield><subfield code="c">INP</subfield><subfield code="d">OCLCQ</subfield></datafield><datafield ind1=" " ind2=" " tag="042"><subfield code="a">msc</subfield></datafield><datafield ind1="0" ind2="0" tag="245"><subfield code="a">Stanhope observer.</subfield></datafield><datafield ind1="1" ind2="3" tag="246"><subfield code="a">Observer, Stanhope, Iowa</subfield><subfield code="f">&lt;Jan. 7, 1937-Mar. 3, 1938&gt;</subfield></datafield><datafield ind1="1" ind2="3" tag="246"><subfield code="a">Observer, Stanhope, Hamilton County, Iowa</subfield><subfield code="f">&lt;Mar. 17, 1938-June 12, 1941&gt;</subfield></datafield><datafield ind1=" " ind2=" " tag="260"><subfield code="a">Stanhope, Hamilton County, Iowa :</subfield><subfield code="b">[s.n.]</subfield></datafield><datafield ind1=" " ind2=" " tag="300"><subfield code="a">v. :</subfield><subfield code="b">ill. ;</subfield><subfield code="c">56 cm.</subfield></datafield><datafield ind1="1" ind2=" " tag="362"><subfield code="a">Issued 1934-Oct. 26, 1944.</subfield></datafield><datafield ind1=" " ind2=" " tag="500"><subfield code="a">Publishers: Walter L. Hurd, &lt;Jan. 7, 1937-Feb. 10, 1938&gt;; Orelin Granville, &lt;Mar. 17, 1938&gt;-Aug. 25, 1938; Fred C. Runkle, Sept. 8, 1938-&lt;June 12, 1941&gt;.</subfield></datafield><datafield ind1=" " ind2=" " tag="500"><subfield code="a">Editors: Orelin Granville, &lt;Mar. 17, 1938&gt;-Aug. 25, 1938; Fred C. Runkle, Sept. 8, 1938-&lt;June 12, 1941&gt;.</subfield></datafield><datafield ind1=" " ind2=" " tag="515"><subfield code="a">Occasional issues misnumbered and misdated.</subfield></datafield><datafield ind1=" " ind2=" " tag="588"><subfield code="a">Description based on: Vol. 2, no. 17 (Nov. 28, 1935).</subfield></datafield><datafield ind1=" " ind2=" " tag="752"><subfield code="a">United States</subfield><subfield code="b">Iowa</subfield><subfield code="c">Hamilton</subfield><subfield code="d">Stanhope.</subfield></datafield><datafield ind1="1" ind2=" " tag="029"><subfield code="a">AU@</subfield><subfield code="b">000025810229</subfield></datafield></record>